<?xml version='1.0' encoding='utf-8'?>
<record xmlns="http://www.loc.gov/MARC21/slim" xmlns:xsi="http://www.w3.org/2001/XMLSchema-instance">
  <leader>00000njm^a22004211a^4500</leader>
  <controlfield tag="001">004526528</controlfield>
  <controlfield tag="005">20120829120309.0</controlfield>
  <controlfield tag="007">sd^bsmennnnnne</controlfield>
  <controlfield tag="008">940225s1977^^^^nyuzz^^^^^^^^^^^^^^^eng^d</controlfield>
  <datafield tag="010" ind1=" " ind2=" ">
    <subfield code="a">77751195</subfield>
  </datafield>
  <datafield tag="028" ind1="0" ind2="2">
    <subfield code="a">NW 219</subfield>
    <subfield code="b">New World</subfield>
  </datafield>
  <datafield tag="033" ind1=" " ind2=" ">
    <subfield code="a">------</subfield>
    <subfield code="b">4113</subfield>
    <subfield code="c">W2</subfield>
  </datafield>
  <datafield tag="035" ind1=" " ind2=" ">
    <subfield code="a">(RLIN)MIFG93-R691</subfield>
  </datafield>
  <datafield tag="035" ind1=" " ind2=" ">
    <subfield code="a">(OCoLC)3722900</subfield>
  </datafield>
  <datafield tag="040" ind1=" " ind2=" ">
    <subfield code="c">CSt</subfield>
    <subfield code="d">CSt</subfield>
    <subfield code="d">UPB</subfield>
    <subfield code="d">MiFliC</subfield>
  </datafield>
  <datafield tag="045" ind1="0" ind2=" ">
    <subfield code="b">d1932</subfield>
  </datafield>
  <datafield tag="048" ind1=" " ind2=" ">
    <subfield code="a">ca</subfield>
    <subfield code="a">ob</subfield>
  </datafield>
  <datafield tag="050" ind1="0" ind2="0">
    <subfield code="a">M1530</subfield>
  </datafield>
  <datafield tag="090" ind1=" " ind2=" ">
    <subfield code="b">\Phono\Disc\NEWW\NW\219\</subfield>
    <subfield code="i">05/12/93 T</subfield>
  </datafield>
  <datafield tag="100" ind1="1" ind2=" ">
    <subfield code="a">Thompson, Randall,</subfield>
    <subfield code="d">1899-1984.</subfield>
  </datafield>
  <datafield tag="240" ind1="1" ind2="0">
    <subfield code="a">Americana ;</subfield>
    <subfield code="o">arr.</subfield>
  </datafield>
  <datafield tag="245" ind1="1" ind2="0">
    <subfield code="a">Americana /</subfield>
    <subfield code="c">Randall Thompson. To music / Elliott Carter. The odes of Shang / Seymour Shifrin</subfield>
    <subfield code="h">[sound recording].</subfield>
  </datafield>
  <datafield tag="260" ind1=" " ind2=" ">
    <subfield code="a">New York :</subfield>
    <subfield code="b">New World Records,</subfield>
    <subfield code="c">p1977.</subfield>
  </datafield>
  <datafield tag="300" ind1=" " ind2=" ">
    <subfield code="a">1 sound disc :</subfield>
    <subfield code="b">analog, 33 1/3 rpm, stereo ;</subfield>
    <subfield code="c">12 in.</subfield>
  </datafield>
  <datafield tag="440" ind1=" " ind2="0">
    <subfield code="a">Recorded anthology of American music</subfield>
  </datafield>
  <datafield tag="511" ind1="0" ind2=" ">
    <subfield code="a">University of Michigan Chamber Choir ; Members of the University of Michigan University Symphony Orchestra ; Thomas Hilbish, Conductor.</subfield>
  </datafield>
  <datafield tag="500" ind1=" " ind2=" ">
    <subfield code="a">Program notes ("The American choral tradition" by Robert Morgan), selected bibliography, and selected discography (4 p.) bound in container.</subfield>
  </datafield>
  <datafield tag="650" ind1=" " ind2="0">
    <subfield code="a">Choruses, Secular (Mixed voices) with orchestra.</subfield>
  </datafield>
  <datafield tag="740" ind1="4" ind2=" ">
    <subfield code="a">The odes of Shang</subfield>
  </datafield>
  <datafield tag="710" ind1="2" ind2=" ">
    <subfield code="a">Recorded Anthology of American Music, Inc.</subfield>
  </datafield>
  <datafield tag="700" ind1="1" ind2=" ">
    <subfield code="a">Hilbish, Thomas.</subfield>
  </datafield>
  <datafield tag="710" ind1="2" ind2=" ">
    <subfield code="a">University of Michigan.</subfield>
    <subfield code="b">Chamber Choir.</subfield>
  </datafield>
  <datafield tag="710" ind1="2" ind2=" ">
    <subfield code="a">University of Michigan.</subfield>
    <subfield code="b">Symphony Orchestra.</subfield>
  </datafield>
  <datafield tag="700" ind1="1" ind2=" ">
    <subfield code="a">Carter, Elliott,</subfield>
    <subfield code="d">1908-2012.</subfield>
    <subfield code="t">To music.</subfield>
    <subfield code="f">1977.</subfield>
  </datafield>
  <datafield tag="700" ind1="1" ind2=" ">
    <subfield code="a">Shifrin, Seymour,</subfield>
    <subfield code="d">1926-1979.</subfield>
    <subfield code="t">Odes of Shang.</subfield>
    <subfield code="f">1977.</subfield>
  </datafield>
  <datafield tag="740" ind1="0" ind2=" ">
    <subfield code="a">To music</subfield>
  </datafield>
  <datafield tag="852" ind1="8" ind2=" ">
    <subfield code="a">MiU-H</subfield>
    <subfield code="b">BENT</subfield>
    <subfield code="h">2011171 Aa 2</subfield>
  </datafield>
  <datafield tag="997" ind1=" " ind2=" ">
    <subfield code="a">MARS</subfield>
  </datafield>
  <datafield tag="998" ind1=" " ind2=" ">
    <subfield code="a">05/12/93</subfield>
    <subfield code="b">CS</subfield>
    <subfield code="c">JMS</subfield>
    <subfield code="s">9114</subfield>
  </datafield>
  <datafield tag="955" ind1=" " ind2=" ">
    <subfield code="b">BENT</subfield>
    <subfield code="p">B5266719</subfield>
  </datafield>
</record>
